%YAML 1.1
%TAG !u! tag:unity3d.com,2011:
--- !u!29 &1
OcclusionCullingSettings:
  m_ObjectHideFlags: 0
  serializedVersion: 2
  m_OcclusionBakeSettings:
    smallestOccluder: 5
    smallestHole: 0.25
    backfaceThreshold: 100
  m_SceneGUID: 00000000000000000000000000000000
  m_OcclusionCullingData: {fileID: 0}
--- !u!104 &2
RenderSettings:
  m_ObjectHideFlags: 0
  serializedVersion: 9
  m_Fog: 0
  m_FogColor: {r: 0.5, g: 0.5, b: 0.5, a: 1}
  m_FogMode: 3
  m_FogDensity: 0.01
  m_LinearFogStart: 0
  m_LinearFogEnd: 300
  m_AmbientSkyColor: {r: 0.212, g: 0.227, b: 0.259, a: 1}
  m_AmbientEquatorColor: {r: 0.114, g: 0.125, b: 0.133, a: 1}
  m_AmbientGroundColor: {r: 0.047, g: 0.043, b: 0.035, a: 1}
  m_AmbientIntensity: 1
  m_AmbientMode: 0
  m_SubtractiveShadowColor: {r: 0.42, g: 0.478, b: 0.627, a: 1}
  m_SkyboxMaterial: {fileID: 10304, guid: 0000000000000000f000000000000000, type: 0}
  m_HaloStrength: 0.5
  m_FlareStrength: 1
  m_FlareFadeSpeed: 3
  m_HaloTexture: {fileID: 0}
  m_SpotCookie: {fileID: 10001, guid: 0000000000000000e000000000000000, type: 0}
  m_DefaultReflectionMode: 0
  m_DefaultReflectionResolution: 128
  m_ReflectionBounces: 1
  m_ReflectionIntensity: 1
  m_CustomReflection: {fileID: 0}
  m_Sun: {fileID: 0}
  m_IndirectSpecularColor: {r: 0.44700754, g: 0.49689972, b: 0.5750677, a: 1}
  m_UseRadianceAmbientProbe: 0
--- !u!157 &3
LightmapSettings:
  m_ObjectHideFlags: 0
  serializedVersion: 11
  m_GIWorkflowMode: 0
  m_GISettings:
    serializedVersion: 2
    m_BounceScale: 1
    m_IndirectOutputScale: 1
    m_AlbedoBoost: 1
    m_TemporalCoherenceThreshold: 1
    m_EnvironmentLightingMode: 0
    m_EnableBakedLightmaps: 1
    m_EnableRealtimeLightmaps: 0
  m_LightmapEditorSettings:
    serializedVersion: 10
    m_Resolution: 2
    m_BakeResolution: 10
    m_AtlasSize: 512
    m_AO: 0
    m_AOMaxDistance: 1
    m_CompAOExponent: 1
    m_CompAOExponentDirect: 0
    m_Padding: 2
    m_LightmapParameters: {fileID: 0}
    m_LightmapsBakeMode: 1
    m_TextureCompression: 1
    m_FinalGather: 0
    m_FinalGatherFiltering: 1
    m_FinalGatherRayCount: 256
    m_ReflectionCompression: 2
    m_MixedBakeMode: 2
    m_BakeBackend: 1
    m_PVRSampling: 1
    m_PVRDirectSampleCount: 32
    m_PVRSampleCount: 256
    m_PVRBounces: 2
    m_PVRFilterTypeDirect: 0
    m_PVRFilterTypeIndirect: 0
    m_PVRFilterTypeAO: 0
    m_PVRFilteringMode: 1
    m_PVRCulling: 1
    m_PVRFilteringGaussRadiusDirect: 1
    m_PVRFilteringGaussRadiusIndirect: 5
    m_PVRFilteringGaussRadiusAO: 2
    m_PVRFilteringAtrousPositionSigmaDirect: 0.5
    m_PVRFilteringAtrousPositionSigmaIndirect: 2
    m_PVRFilteringAtrousPositionSigmaAO: 1
    m_ShowResolutionOverlay: 1
  m_LightingDataAsset: {fileID: 0}
  m_UseShadowmask: 1
--- !u!196 &4
NavMeshSettings:
  serializedVersion: 2
  m_ObjectHideFlags: 0
  m_BuildSettings:
    serializedVersion: 2
    agentTypeID: 0
    agentRadius: 0.5
    agentHeight: 2
    agentSlope: 45
    agentClimb: 0.4
    ledgeDropHeight: 0
    maxJumpAcrossDistance: 0
    minRegionArea: 2
    manualCellSize: 0
    cellSize: 0.16666667
    manualTileSize: 0
    tileSize: 256
    accuratePlacement: 0
    debug:
      m_Flags: 0
  m_NavMeshData: {fileID: 0}
--- !u!1 &170076733
GameObject:
  m_ObjectHideFlags: 0
  m_PrefabParentObject: {fileID: 0}
  m_PrefabInternal: {fileID: 0}
  serializedVersion: 5
  m_Component:
  - component: {fileID: 170076735}
  - component: {fileID: 170076734}
  m_Layer: 0
  m_Name: Sol
  m_TagString: Untagged
  m_Icon: {fileID: 0}
  m_NavMeshLayer: 0
  m_StaticEditorFlags: 0
  m_IsActive: 1
--- !u!108 &170076734
Light:
  m_ObjectHideFlags: 0
  m_PrefabParentObject: {fileID: 0}
  m_PrefabInternal: {fileID: 0}
  m_GameObject: {fileID: 170076733}
  m_Enabled: 1
  serializedVersion: 8
  m_Type: 1
  m_Color: {r: 1, g: 0.95686275, b: 0.8392157, a: 1}
  m_Intensity: 1
  m_Range: 10
  m_SpotAngle: 30
  m_CookieSize: 10
  m_Shadows:
    m_Type: 2
    m_Resolution: -1
    m_CustomResolution: -1
    m_Strength: 1
    m_Bias: 0.05
    m_NormalBias: 0.4
    m_NearPlane: 0.2
  m_Cookie: {fileID: 0}
  m_DrawHalo: 0
  m_Flare: {fileID: 0}
  m_RenderMode: 0
  m_CullingMask:
    serializedVersion: 2
    m_Bits: 4294967295
  m_Lightmapping: 1
  m_AreaSize: {x: 1, y: 1}
  m_BounceIntensity: 1
  m_ColorTemperature: 6570
  m_UseColorTemperature: 0
  m_ShadowRadius: 0
  m_ShadowAngle: 0
--- !u!4 &170076735
Transform:
  m_ObjectHideFlags: 0
  m_PrefabParentObject: {fileID: 0}
  m_PrefabInternal: {fileID: 0}
  m_GameObject: {fileID: 170076733}
  m_LocalRotation: {x: -0.8158606, y: 0.100671194, z: -0.39260423, w: -0.41243017}
  m_LocalPosition: {x: 20.92, y: 174.6, z: 194.22}
  m_LocalScale: {x: 1, y: 1, z: 1}
  m_Children: []
  m_Father: {fileID: 0}
  m_RootOrder: 0
  m_LocalEulerAnglesHint: {x: -228.766, y: -57.770996, z: -14.01001}
--- !u!1001 &175205479
Prefab:
  m_ObjectHideFlags: 0
  serializedVersion: 2
  m_Modification:
    m_TransformParent: {fileID: 1930939619}
    m_Modifications:
    - target: {fileID: 432416, guid: 638477d8b3e536d4289897f61f931a56, type: 2}
      propertyPath: m_LocalPosition.x
      value: -101.91371
      objectReference: {fileID: 0}
    - target: {fileID: 432416, guid: 638477d8b3e536d4289897f61f931a56, type: 2}
      propertyPath: m_LocalPosition.y
      value: -13.252364
      objectReference: {fileID: 0}
    - target: {fileID: 432416, guid: 638477d8b3e536d4289897f61f931a56, type: 2}
      propertyPath: m_LocalPosition.z
      value: 64.6304
      objectReference: {fileID: 0}
    - target: {fileID: 432416, guid: 638477d8b3e536d4289897f61f931a56, type: 2}
      propertyPath: m_LocalRotation.x
      value: -0.7071068
      objectReference: {fileID: 0}
    - target: {fileID: 432416, guid: 638477d8b3e536d4289897f61f931a56, type: 2}
      propertyPath: m_LocalRotation.y
      value: -0
      objectReference: {fileID: 0}
    - target: {fileID: 432416, guid: 638477d8b3e536d4289897f61f931a56, type: 2}
      propertyPath: m_LocalRotation.z
      value: -0
      objectReference: {fileID: 0}
    - target: {fileID: 432416, guid: 638477d8b3e536d4289897f61f931a56, type: 2}
      propertyPath: m_LocalRotation.w
      value: 0.7071068
      objectReference: {fileID: 0}
    - target: {fileID: 432416, guid: 638477d8b3e536d4289897f61f931a56, type: 2}
      propertyPath: m_RootOrder
      value: 6
      objectReference: {fileID: 0}
    - target: {fileID: 432416, guid: 638477d8b3e536d4289897f61f931a56, type: 2}
      propertyPath: m_LocalScale.x
      value: 5
      objectReference: {fileID: 0}
    - target: {fileID: 432416, guid: 638477d8b3e536d4289897f61f931a56, type: 2}
      propertyPath: m_LocalScale.y
      value: 5
      objectReference: {fileID: 0}
    - target: {fileID: 432416, guid: 638477d8b3e536d4289897f61f931a56, type: 2}
      propertyPath: m_LocalScale.z
      value: 5
      objectReference: {fileID: 0}
    - target: {fileID: 177284, guid: 638477d8b3e536d4289897f61f931a56, type: 2}
      propertyPath: m_Name
      value: Predio3
      objectReference: {fileID: 0}
    m_RemovedComponents: []
  m_ParentPrefab: {fileID: 100100000, guid: 638477d8b3e536d4289897f61f931a56, type: 2}
  m_IsPrefabParent: 0
--- !u!1 &680573584
GameObject:
  m_ObjectHideFlags: 0
  m_PrefabParentObject: {fileID: 100004, guid: 2c3290785503e9a4c9fcaea48512a16d, type: 3}
  m_PrefabInternal: {fileID: 0}
  serializedVersion: 5
  m_Component:
  - component: {fileID: 680573585}
  - component: {fileID: 680573588}
  - component: {fileID: 680573587}
  - component: {fileID: 680573586}
  m_Layer: 0
  m_Name: Tenda
  m_TagString: Untagged
  m_Icon: {fileID: 0}
  m_NavMeshLayer: 0
  m_StaticEditorFlags: 0
  m_IsActive: 1
--- !u!4 &680573585
Transform:
  m_ObjectHideFlags: 0
  m_PrefabParentObject: {fileID: 400004, guid: 2c3290785503e9a4c9fcaea48512a16d, type: 3}
  m_PrefabInternal: {fileID: 0}
  m_GameObject: {fileID: 680573584}
  m_LocalRotation: {x: 0, y: -0, z: -0, w: 1}
  m_LocalPosition: {x: 3.4360225, y: 3.5973732, z: -5.7}
  m_LocalScale: {x: 2, y: 2, z: 2}
  m_Children: []
  m_Father: {fileID: 1110770108}
  m_RootOrder: 1
  m_LocalEulerAnglesHint: {x: 0, y: 0, z: 0}
--- !u!64 &680573586
MeshCollider:
  m_ObjectHideFlags: 0
  m_PrefabParentObject: {fileID: 6400004, guid: 2c3290785503e9a4c9fcaea48512a16d,
    type: 3}
  m_PrefabInternal: {fileID: 0}
  m_GameObject: {fileID: 680573584}
  m_Material: {fileID: 0}
  m_IsTrigger: 0
  m_Enabled: 1
  serializedVersion: 3
  m_Convex: 0
  m_CookingOptions: 14
  m_SkinWidth: 0.01
  m_Mesh: {fileID: 4300006, guid: 2c3290785503e9a4c9fcaea48512a16d, type: 3}
--- !u!23 &680573587
MeshRenderer:
  m_ObjectHideFlags: 0
  m_PrefabParentObject: {fileID: 2300004, guid: 2c3290785503e9a4c9fcaea48512a16d,
    type: 3}
  m_PrefabInternal: {fileID: 0}
  m_GameObject: {fileID: 680573584}
  m_Enabled: 1
  m_CastShadows: 1
  m_ReceiveShadows: 1
  m_DynamicOccludee: 1
  m_MotionVectors: 1
  m_LightProbeUsage: 1
  m_ReflectionProbeUsage: 1
  m_RenderingLayerMask: 4294967295
  m_Materials:
  - {fileID: 2100000, guid: 66541d296b23b8047b24f63b249010fa, type: 2}
  m_StaticBatchInfo:
    firstSubMesh: 0
    subMeshCount: 0
  m_StaticBatchRoot: {fileID: 0}
  m_ProbeAnchor: {fileID: 0}
  m_LightProbeVolumeOverride: {fileID: 0}
  m_ScaleInLightmap: 1
  m_PreserveUVs: 0
  m_IgnoreNormalsForChartDetection: 0
  m_ImportantGI: 0
  m_StitchLightmapSeams: 0
  m_SelectedEditorRenderState: 3
  m_MinimumChartSize: 4
  m_AutoUVMaxDistance: 0.5
  m_AutoUVMaxAngle: 89
  m_LightmapParameters: {fileID: 0}
  m_SortingLayerID: 0
  m_SortingLayer: 0
  m_SortingOrder: 0
--- !u!33 &680573588
MeshFilter:
  m_ObjectHideFlags: 0
  m_PrefabParentObject: {fileID: 3300004, guid: 2c3290785503e9a4c9fcaea48512a16d,
    type: 3}
  m_PrefabInternal: {fileID: 0}
  m_GameObject: {fileID: 680573584}
  m_Mesh: {fileID: 4300006, guid: 2c3290785503e9a4c9fcaea48512a16d, type: 3}
--- !u!1001 &723901551
Prefab:
  m_ObjectHideFlags: 0
  serializedVersion: 2
  m_Modification:
    m_TransformParent: {fileID: 1930939619}
    m_Modifications:
    - target: {fileID: 4711844438124698, guid: a0c1b30ca7941704b9fc400c3b4c64c6, type: 2}
      propertyPath: m_LocalPosition.x
      value: -42.713715
      objectReference: {fileID: 0}
    - target: {fileID: 4711844438124698, guid: a0c1b30ca7941704b9fc400c3b4c64c6, type: 2}
      propertyPath: m_LocalPosition.y
      value: -13.252364
      objectReference: {fileID: 0}
    - target: {fileID: 4711844438124698, guid: a0c1b30ca7941704b9fc400c3b4c64c6, type: 2}
      propertyPath: m_LocalPosition.z
      value: 35.93039
      objectReference: {fileID: 0}
    - target: {fileID: 4711844438124698, guid: a0c1b30ca7941704b9fc400c3b4c64c6, type: 2}
      propertyPath: m_LocalRotation.x
      value: -0.7071068
      objectReference: {fileID: 0}
    - target: {fileID: 4711844438124698, guid: a0c1b30ca7941704b9fc400c3b4c64c6, type: 2}
      propertyPath: m_LocalRotation.y
      value: -0
      objectReference: {fileID: 0}
    - target: {fileID: 4711844438124698, guid: a0c1b30ca7941704b9fc400c3b4c64c6, type: 2}
      propertyPath: m_LocalRotation.z
      value: -0
      objectReference: {fileID: 0}
    - target: {fileID: 4711844438124698, guid: a0c1b30ca7941704b9fc400c3b4c64c6, type: 2}
      propertyPath: m_LocalRotation.w
      value: 0.7071068
      objectReference: {fileID: 0}
    - target: {fileID: 4711844438124698, guid: a0c1b30ca7941704b9fc400c3b4c64c6, type: 2}
      propertyPath: m_RootOrder
      value: 4
      objectReference: {fileID: 0}
    - target: {fileID: 4711844438124698, guid: a0c1b30ca7941704b9fc400c3b4c64c6, type: 2}
      propertyPath: m_LocalScale.y
      value: 5
      objectReference: {fileID: 0}
    - target: {fileID: 4711844438124698, guid: a0c1b30ca7941704b9fc400c3b4c64c6, type: 2}
      propertyPath: m_LocalScale.z
      value: 5
      objectReference: {fileID: 0}
    m_RemovedComponents: []
  m_ParentPrefab: {fileID: 100100000, guid: a0c1b30ca7941704b9fc400c3b4c64c6, type: 2}
  m_IsPrefabParent: 0
--- !u!1001 &749011312
Prefab:
  m_ObjectHideFlags: 0
  serializedVersion: 2
  m_Modification:
    m_TransformParent: {fileID: 1930939619}
    m_Modifications:
    - target: {fileID: 432416, guid: 638477d8b3e536d4289897f61f931a56, type: 2}
      propertyPath: m_LocalPosition.x
      value: -42.713715
      objectReference: {fileID: 0}
    - target: {fileID: 432416, guid: 638477d8b3e536d4289897f61f931a56, type: 2}
      propertyPath: m_LocalPosition.y
      value: -13.252364
      objectReference: {fileID: 0}
    - target: {fileID: 432416, guid: 638477d8b3e536d4289897f61f931a56, type: 2}
      propertyPath: m_LocalPosition.z
      value: 117.33038
      objectReference: {fileID: 0}
    - target: {fileID: 432416, guid: 638477d8b3e536d4289897f61f931a56, type: 2}
      propertyPath: m_LocalRotation.x
      value: -0.7071068
      objectReference: {fileID: 0}
    - target: {fileID: 432416, guid: 638477d8b3e536d4289897f61f931a56, type: 2}
      propertyPath: m_LocalRotation.y
      value: -0
      objectReference: {fileID: 0}
    - target: {fileID: 432416, guid: 638477d8b3e536d4289897f61f931a56, type: 2}
      propertyPath: m_LocalRotation.z
      value: -0
      objectReference: {fileID: 0}
    - target: {fileID: 432416, guid: 638477d8b3e536d4289897f61f931a56, type: 2}
      propertyPath: m_LocalRotation.w
      value: 0.7071068
      objectReference: {fileID: 0}
    - target: {fileID: 432416, guid: 638477d8b3e536d4289897f61f931a56, type: 2}
      propertyPath: m_RootOrder
      value: 5
      objectReference: {fileID: 0}
    - target: {fileID: 432416, guid: 638477d8b3e536d4289897f61f931a56, type: 2}
      propertyPath: m_LocalScale.x
      value: 5
      objectReference: {fileID: 0}
    - target: {fileID: 432416, guid: 638477d8b3e536d4289897f61f931a56, type: 2}
      propertyPath: m_LocalScale.y
      value: 5
      objectReference: {fileID: 0}
    - target: {fileID: 432416, guid: 638477d8b3e536d4289897f61f931a56, type: 2}
      propertyPath: m_LocalScale.z
      value: 5
      objectReference: {fileID: 0}
    - target: {fileID: 177284, guid: 638477d8b3e536d4289897f61f931a56, type: 2}
      propertyPath: m_Name
      value: Predio2
      objectReference: {fileID: 0}
    m_RemovedComponents: []
  m_ParentPrefab: {fileID: 100100000, guid: 638477d8b3e536d4289897f61f931a56, type: 2}
  m_IsPrefabParent: 0
--- !u!1 &801888870
GameObject:
  m_ObjectHideFlags: 0
  m_PrefabParentObject: {fileID: 0}
  m_PrefabInternal: {fileID: 0}
  serializedVersion: 5
  m_Component:
  - component: {fileID: 801888873}
  - component: {fileID: 801888872}
  - component: {fileID: 801888871}
  m_Layer: 0
  m_Name: Terrain
  m_TagString: Untagged
  m_Icon: {fileID: 0}
  m_NavMeshLayer: 0
  m_StaticEditorFlags: 4294967295
  m_IsActive: 1
--- !u!154 &801888871
TerrainCollider:
  m_ObjectHideFlags: 0
  m_PrefabParentObject: {fileID: 0}
  m_PrefabInternal: {fileID: 0}
  m_GameObject: {fileID: 801888870}
  m_Material: {fileID: 13400000, guid: 3aeb7dadc0c69d54d9e5777e9d5631f1, type: 2}
  m_Enabled: 1
  m_TerrainData: {fileID: 15600000, guid: 3d69e8f3bd4e89e4cac144d331b598c8, type: 2}
  m_EnableTreeColliders: 1
--- !u!218 &801888872
Terrain:
  m_ObjectHideFlags: 0
  m_PrefabParentObject: {fileID: 0}
  m_PrefabInternal: {fileID: 0}
  m_GameObject: {fileID: 801888870}
  m_Enabled: 1
  serializedVersion: 3
  m_TerrainData: {fileID: 15600000, guid: 3d69e8f3bd4e89e4cac144d331b598c8, type: 2}
  m_TreeDistance: 2000
  m_TreeBillboardDistance: 50
  m_TreeCrossFadeLength: 5
  m_TreeMaximumFullLODCount: 50
  m_DetailObjectDistance: 80
  m_DetailObjectDensity: 1
  m_HeightmapPixelError: 5
  m_SplatMapDistance: 1000
  m_HeightmapMaximumLOD: 0
  m_CastShadows: 1
  m_DrawHeightmap: 1
  m_DrawTreesAndFoliage: 1
  m_ReflectionProbeUsage: 1
  m_MaterialType: 0
  m_LegacySpecular:
    serializedVersion: 2
    rgba: 4286545791
  m_LegacyShininess: 0.078125
  m_MaterialTemplate: {fileID: 0}
  m_BakeLightProbesForTrees: 1
  m_ScaleInLightmap: 0.1024
  m_LightmapParameters: {fileID: 15200, guid: 0000000000000000f000000000000000, type: 0}
--- !u!4 &801888873
Transform:
  m_ObjectHideFlags: 0
  m_PrefabParentObject: {fileID: 0}
  m_PrefabInternal: {fileID: 0}
  m_GameObject: {fileID: 801888870}
  m_LocalRotation: {x: -0, y: -0, z: -0, w: 1}
  m_LocalPosition: {x: -18.813713, y: -13.252364, z: -286.0696}
  m_LocalScale: {x: 1, y: 1, z: 1}
  m_Children: []
  m_Father: {fileID: 1930939619}
  m_RootOrder: 0
  m_LocalEulerAnglesHint: {x: 0, y: 0, z: 0}
--- !u!1001 &829996318
Prefab:
  m_ObjectHideFlags: 0
  serializedVersion: 2
  m_Modification:
    m_TransformParent: {fileID: 1235247604}
    m_Modifications:
    - target: {fileID: 4883086277136902, guid: 78114d07d5dee694a87bb7e9f0f767bf, type: 2}
      propertyPath: m_LocalPosition.x
      value: 216.50629
      objectReference: {fileID: 0}
    - target: {fileID: 4883086277136902, guid: 78114d07d5dee694a87bb7e9f0f767bf, type: 2}
      propertyPath: m_LocalPosition.y
      value: -13.252364
      objectReference: {fileID: 0}
    - target: {fileID: 4883086277136902, guid: 78114d07d5dee694a87bb7e9f0f767bf, type: 2}
      propertyPath: m_LocalPosition.z
      value: 63.93039
      objectReference: {fileID: 0}
    - target: {fileID: 4883086277136902, guid: 78114d07d5dee694a87bb7e9f0f767bf, type: 2}
      propertyPath: m_LocalRotation.x
      value: -0
      objectReference: {fileID: 0}
    - target: {fileID: 4883086277136902, guid: 78114d07d5dee694a87bb7e9f0f767bf, type: 2}
      propertyPath: m_LocalRotation.y
      value: 1
      objectReference: {fileID: 0}
    - target: {fileID: 4883086277136902, guid: 78114d07d5dee694a87bb7e9f0f767bf, type: 2}
      propertyPath: m_LocalRotation.z
      value: -0
      objectReference: {fileID: 0}
    - target: {fileID: 4883086277136902, guid: 78114d07d5dee694a87bb7e9f0f767bf, type: 2}
      propertyPath: m_LocalRotation.w
      value: 0
      objectReference: {fileID: 0}
    - target: {fileID: 4883086277136902, guid: 78114d07d5dee694a87bb7e9f0f767bf, type: 2}
      propertyPath: m_RootOrder
      value: 1
      objectReference: {fileID: 0}
    - target: {fileID: 114163709908759788, guid: 78114d07d5dee694a87bb7e9f0f767bf,
        type: 2}
      propertyPath: Player
      value: 
      objectReference: {fileID: 831912645}
    m_RemovedComponents: []
  m_ParentPrefab: {fileID: 100100000, guid: 78114d07d5dee694a87bb7e9f0f767bf, type: 2}
  m_IsPrefabParent: 0
--- !u!1 &831912645 stripped
GameObject:
  m_PrefabParentObject: {fileID: 1630749536264272, guid: 59ed486073c93c74a92add3f30837810,
    type: 2}
  m_PrefabInternal: {fileID: 1819780265}
--- !u!4 &831912653 stripped
Transform:
  m_PrefabParentObject: {fileID: 4036918057924114, guid: 59ed486073c93c74a92add3f30837810,
    type: 2}
  m_PrefabInternal: {fileID: 1819780265}
--- !u!1 &916051400
GameObject:
  m_ObjectHideFlags: 0
  m_PrefabParentObject: {fileID: 100004, guid: 2c3290785503e9a4c9fcaea48512a16d, type: 3}
  m_PrefabInternal: {fileID: 0}
  serializedVersion: 5
  m_Component:
  - component: {fileID: 916051401}
  - component: {fileID: 916051404}
  - component: {fileID: 916051403}
  - component: {fileID: 916051402}
  m_Layer: 0
  m_Name: Tenda
  m_TagString: Untagged
  m_Icon: {fileID: 0}
  m_NavMeshLayer: 0
  m_StaticEditorFlags: 0
  m_IsActive: 1
--- !u!4 &916051401
Transform:
  m_ObjectHideFlags: 0
  m_PrefabParentObject: {fileID: 400004, guid: 2c3290785503e9a4c9fcaea48512a16d, type: 3}
  m_PrefabInternal: {fileID: 0}
  m_GameObject: {fileID: 916051400}
  m_LocalRotation: {x: 0, y: -0, z: -0, w: 1}
  m_LocalPosition: {x: 3.4360225, y: 3.5973732, z: -5.7}
  m_LocalScale: {x: 2, y: 2, z: 2}
  m_Children: []
  m_Father: {fileID: 1730460138}
  m_RootOrder: 0
  m_LocalEulerAnglesHint: {x: 0, y: 0, z: 0}
--- !u!64 &916051402
MeshCollider:
  m_ObjectHideFlags: 0
  m_PrefabParentObject: {fileID: 6400004, guid: 2c3290785503e9a4c9fcaea48512a16d,
    type: 3}
  m_PrefabInternal: {fileID: 0}
  m_GameObject: {fileID: 916051400}
  m_Material: {fileID: 0}
  m_IsTrigger: 0
  m_Enabled: 1
  serializedVersion: 3
  m_Convex: 0
  m_CookingOptions: 14
  m_SkinWidth: 0.01
  m_Mesh: {fileID: 4300006, guid: 2c3290785503e9a4c9fcaea48512a16d, type: 3}
--- !u!23 &916051403
MeshRenderer:
  m_ObjectHideFlags: 0
  m_PrefabParentObject: {fileID: 2300004, guid: 2c3290785503e9a4c9fcaea48512a16d,
    type: 3}
  m_PrefabInternal: {fileID: 0}
  m_GameObject: {fileID: 916051400}
  m_Enabled: 1
  m_CastShadows: 1
  m_ReceiveShadows: 1
  m_DynamicOccludee: 1
  m_MotionVectors: 1
  m_LightProbeUsage: 1
  m_ReflectionProbeUsage: 1
  m_RenderingLayerMask: 4294967295
  m_Materials:
  - {fileID: 2100000, guid: 66541d296b23b8047b24f63b249010fa, type: 2}
  m_StaticBatchInfo:
    firstSubMesh: 0
    subMeshCount: 0
  m_StaticBatchRoot: {fileID: 0}
  m_ProbeAnchor: {fileID: 0}
  m_LightProbeVolumeOverride: {fileID: 0}
  m_ScaleInLightmap: 1
  m_PreserveUVs: 0
  m_IgnoreNormalsForChartDetection: 0
  m_ImportantGI: 0
  m_StitchLightmapSeams: 0
  m_SelectedEditorRenderState: 3
  m_MinimumChartSize: 4
  m_AutoUVMaxDistance: 0.5
  m_AutoUVMaxAngle: 89
  m_LightmapParameters: {fileID: 0}
  m_SortingLayerID: 0
  m_SortingLayer: 0
  m_SortingOrder: 0
--- !u!33 &916051404
MeshFilter:
  m_ObjectHideFlags: 0
  m_PrefabParentObject: {fileID: 3300004, guid: 2c3290785503e9a4c9fcaea48512a16d,
    type: 3}
  m_PrefabInternal: {fileID: 0}
  m_GameObject: {fileID: 916051400}
  m_Mesh: {fileID: 4300006, guid: 2c3290785503e9a4c9fcaea48512a16d, type: 3}
--- !u!1001 &987322392
Prefab:
  m_ObjectHideFlags: 0
  serializedVersion: 2
  m_Modification:
    m_TransformParent: {fileID: 1730460138}
    m_Modifications:
    - target: {fileID: 4256414425487756, guid: 2fd44aca25c1603479e99a1ca9b879d1, type: 2}
      propertyPath: m_LocalPosition.x
      value: 0.1000061
      objectReference: {fileID: 0}
    - target: {fileID: 4256414425487756, guid: 2fd44aca25c1603479e99a1ca9b879d1, type: 2}
      propertyPath: m_LocalPosition.y
      value: -3.6
      objectReference: {fileID: 0}
    - target: {fileID: 4256414425487756, guid: 2fd44aca25c1603479e99a1ca9b879d1, type: 2}
      propertyPath: m_LocalPosition.z
      value: -9.566376
      objectReference: {fileID: 0}
    - target: {fileID: 4256414425487756, guid: 2fd44aca25c1603479e99a1ca9b879d1, type: 2}
      propertyPath: m_LocalRotation.x
      value: -0
      objectReference: {fileID: 0}
    - target: {fileID: 4256414425487756, guid: 2fd44aca25c1603479e99a1ca9b879d1, type: 2}
      propertyPath: m_LocalRotation.y
      value: -0
      objectReference: {fileID: 0}
    - target: {fileID: 4256414425487756, guid: 2fd44aca25c1603479e99a1ca9b879d1, type: 2}
      propertyPath: m_LocalRotation.z
      value: -0
      objectReference: {fileID: 0}
    - target: {fileID: 4256414425487756, guid: 2fd44aca25c1603479e99a1ca9b879d1, type: 2}
      propertyPath: m_LocalRotation.w
      value: 1
      objectReference: {fileID: 0}
    - target: {fileID: 4256414425487756, guid: 2fd44aca25c1603479e99a1ca9b879d1, type: 2}
      propertyPath: m_RootOrder
      value: 1
      objectReference: {fileID: 0}
    - target: {fileID: 114657391467968348, guid: 2fd44aca25c1603479e99a1ca9b879d1,
        type: 2}
      propertyPath: RoboInimigo
      value: 
      objectReference: {fileID: 0}
    - target: {fileID: 4256414425487756, guid: 2fd44aca25c1603479e99a1ca9b879d1, type: 2}
      propertyPath: m_LocalEulerAnglesHint.x
      value: 0
      objectReference: {fileID: 0}
    m_RemovedComponents: []
  m_ParentPrefab: {fileID: 100100000, guid: 2fd44aca25c1603479e99a1ca9b879d1, type: 2}
  m_IsPrefabParent: 0
--- !u!1 &1110770107
GameObject:
  m_ObjectHideFlags: 0
  m_PrefabParentObject: {fileID: 100016, guid: 2c3290785503e9a4c9fcaea48512a16d, type: 3}
  m_PrefabInternal: {fileID: 0}
  serializedVersion: 5
  m_Component:
  - component: {fileID: 1110770108}
  m_Layer: 0
  m_Name: Base3
  m_TagString: Untagged
  m_Icon: {fileID: 0}
  m_NavMeshLayer: 0
  m_StaticEditorFlags: 0
  m_IsActive: 1
--- !u!4 &1110770108
Transform:
  m_ObjectHideFlags: 0
  m_PrefabParentObject: {fileID: 400016, guid: 2c3290785503e9a4c9fcaea48512a16d, type: 3}
  m_PrefabInternal: {fileID: 0}
  m_GameObject: {fileID: 1110770107}
  m_LocalRotation: {x: -0, y: -0, z: -0, w: 1}
  m_LocalPosition: {x: 145.78629, y: -9.652365, z: 49.1304}
  m_LocalScale: {x: 1, y: 1, z: 1}
  m_Children:
  - {fileID: 1585414623}
  - {fileID: 680573585}
  m_Father: {fileID: 1930939619}
  m_RootOrder: 3
  m_LocalEulerAnglesHint: {x: 0, y: 0, z: 0}
--- !u!4 &1175033658 stripped
Transform:
  m_PrefabParentObject: {fileID: 4883086277136902, guid: 78114d07d5dee694a87bb7e9f0f767bf,
    type: 2}
  m_PrefabInternal: {fileID: 829996318}
--- !u!4 &1227506042 stripped
Transform:
  m_PrefabParentObject: {fileID: 441680, guid: 90c00c2fbd373da42b6592a75d5bdb42, type: 2}
  m_PrefabInternal: {fileID: 1923759740}
--- !u!1 &1233617763
GameObject:
  m_ObjectHideFlags: 0
  m_PrefabParentObject: {fileID: 0}
  m_PrefabInternal: {fileID: 0}
  serializedVersion: 5
  m_Component:
  - component: {fileID: 1233617764}
  - component: {fileID: 1233617766}
  - component: {fileID: 1233617765}
  m_Layer: 5
  m_Name: Aim
  m_TagString: Untagged
  m_Icon: {fileID: 0}
  m_NavMeshLayer: 0
  m_StaticEditorFlags: 0
  m_IsActive: 1
--- !u!224 &1233617764
RectTransform:
  m_ObjectHideFlags: 0
  m_PrefabParentObject: {fileID: 0}
  m_PrefabInternal: {fileID: 0}
  m_GameObject: {fileID: 1233617763}
  m_LocalRotation: {x: 0, y: 0, z: 0, w: 1}
  m_LocalPosition: {x: 0, y: 0, z: 0}
  m_LocalScale: {x: 1, y: 1, z: 1}
  m_Children: []
  m_Father: {fileID: 1286145517}
  m_RootOrder: 0
  m_LocalEulerAnglesHint: {x: 0, y: 0, z: 0}
  m_AnchorMin: {x: 0.5, y: 0.5}
  m_AnchorMax: {x: 0.5, y: 0.5}
  m_AnchoredPosition: {x: 0, y: 0}
  m_SizeDelta: {x: 160, y: 30}
  m_Pivot: {x: 0.5, y: 0.5}
--- !u!114 &1233617765
MonoBehaviour:
  m_ObjectHideFlags: 0
  m_PrefabParentObject: {fileID: 0}
  m_PrefabInternal: {fileID: 0}
  m_GameObject: {fileID: 1233617763}
  m_Enabled: 1
  m_EditorHideFlags: 0
  m_Script: {fileID: 708705254, guid: f70555f144d8491a825f0804e09c671c, type: 3}
  m_Name: 
  m_EditorClassIdentifier: 
  m_Material: {fileID: 0}
  m_Color: {r: 1, g: 0.0141509175, b: 0.0141509175, a: 1}
  m_RaycastTarget: 1
  m_OnCullStateChanged:
    m_PersistentCalls:
      m_Calls: []
    m_TypeName: UnityEngine.UI.MaskableGraphic+CullStateChangedEvent, UnityEngine.UI,
      Version=1.0.0.0, Culture=neutral, PublicKeyToken=null
  m_FontData:
    m_Font: {fileID: 10102, guid: 0000000000000000e000000000000000, type: 0}
    m_FontSize: 14
    m_FontStyle: 1
    m_BestFit: 0
    m_MinSize: 10
    m_MaxSize: 40
    m_Alignment: 4
    m_AlignByGeometry: 0
    m_RichText: 1
    m_HorizontalOverflow: 0
    m_VerticalOverflow: 0
    m_LineSpacing: 1
  m_Text: +
--- !u!222 &1233617766
CanvasRenderer:
  m_ObjectHideFlags: 0
  m_PrefabParentObject: {fileID: 0}
  m_PrefabInternal: {fileID: 0}
  m_GameObject: {fileID: 1233617763}
--- !u!1 &1235247603
GameObject:
  m_ObjectHideFlags: 0
  m_PrefabParentObject: {fileID: 0}
  m_PrefabInternal: {fileID: 0}
  serializedVersion: 5
  m_Component:
  - component: {fileID: 1235247604}
  m_Layer: 0
  m_Name: Personagens
  m_TagString: Untagged
  m_Icon: {fileID: 0}
  m_NavMeshLayer: 0
  m_StaticEditorFlags: 0
  m_IsActive: 1
--- !u!4 &1235247604
Transform:
  m_ObjectHideFlags: 0
  m_PrefabParentObject: {fileID: 0}
  m_PrefabInternal: {fileID: 0}
  m_GameObject: {fileID: 1235247603}
  m_LocalRotation: {x: 0, y: 0, z: 0, w: 1}
  m_LocalPosition: {x: 18.813713, y: 13.252364, z: 286.0696}
  m_LocalScale: {x: 1, y: 1, z: 1}
  m_Children:
  - {fileID: 831912653}
  - {fileID: 1175033658}
  m_Father: {fileID: 0}
  m_RootOrder: 3
  m_LocalEulerAnglesHint: {x: 0, y: 0, z: 0}
--- !u!1 &1266615698
GameObject:
  m_ObjectHideFlags: 0
  m_PrefabParentObject: {fileID: 100016, guid: 2c3290785503e9a4c9fcaea48512a16d, type: 3}
  m_PrefabInternal: {fileID: 0}
  serializedVersion: 5
  m_Component:
  - component: {fileID: 1266615699}
  m_Layer: 0
  m_Name: Base2
  m_TagString: Untagged
  m_Icon: {fileID: 0}
  m_NavMeshLayer: 0
  m_StaticEditorFlags: 0
  m_IsActive: 1
--- !u!4 &1266615699
Transform:
  m_ObjectHideFlags: 0
  m_PrefabParentObject: {fileID: 400016, guid: 2c3290785503e9a4c9fcaea48512a16d, type: 3}
  m_PrefabInternal: {fileID: 0}
  m_GameObject: {fileID: 1266615698}
  m_LocalRotation: {x: -0, y: -0, z: -0, w: 1}
  m_LocalPosition: {x: 171.18628, y: -9.652365, z: -18.56961}
  m_LocalScale: {x: 1, y: 1, z: 1}
  m_Children:
  - {fileID: 1577660132}
  - {fileID: 1791998080}
  m_Father: {fileID: 1930939619}
  m_RootOrder: 2
  m_LocalEulerAnglesHint: {x: 0, y: 0, z: 0}
--- !u!1 &1286145513
GameObject:
  m_ObjectHideFlags: 0
  m_PrefabParentObject: {fileID: 0}
  m_PrefabInternal: {fileID: 0}
  serializedVersion: 5
  m_Component:
  - component: {fileID: 1286145517}
  - component: {fileID: 1286145516}
  - component: {fileID: 1286145515}
  - component: {fileID: 1286145514}
  m_Layer: 5
  m_Name: UI
  m_TagString: Untagged
  m_Icon: {fileID: 0}
  m_NavMeshLayer: 0
  m_StaticEditorFlags: 0
  m_IsActive: 1
--- !u!114 &1286145514
MonoBehaviour:
  m_ObjectHideFlags: 0
  m_PrefabParentObject: {fileID: 0}
  m_PrefabInternal: {fileID: 0}
  m_GameObject: {fileID: 1286145513}
  m_Enabled: 1
  m_EditorHideFlags: 0
  m_Script: {fileID: 1301386320, guid: f70555f144d8491a825f0804e09c671c, type: 3}
  m_Name: 
  m_EditorClassIdentifier: 
  m_IgnoreReversedGraphics: 1
  m_BlockingObjects: 0
  m_BlockingMask:
    serializedVersion: 2
    m_Bits: 4294967295
--- !u!114 &1286145515
MonoBehaviour:
  m_ObjectHideFlags: 0
  m_PrefabParentObject: {fileID: 0}
  m_PrefabInternal: {fileID: 0}
  m_GameObject: {fileID: 1286145513}
  m_Enabled: 1
  m_EditorHideFlags: 0
  m_Script: {fileID: 1980459831, guid: f70555f144d8491a825f0804e09c671c, type: 3}
  m_Name: 
  m_EditorClassIdentifier: 
  m_UiScaleMode: 0
  m_ReferencePixelsPerUnit: 100
  m_ScaleFactor: 1
  m_ReferenceResolution: {x: 800, y: 600}
  m_ScreenMatchMode: 0
  m_MatchWidthOrHeight: 0
  m_PhysicalUnit: 3
  m_FallbackScreenDPI: 96
  m_DefaultSpriteDPI: 96
  m_DynamicPixelsPerUnit: 1
--- !u!223 &1286145516
Canvas:
  m_ObjectHideFlags: 0
  m_PrefabParentObject: {fileID: 0}
  m_PrefabInternal: {fileID: 0}
  m_GameObject: {fileID: 1286145513}
  m_Enabled: 1
  serializedVersion: 3
  m_RenderMode: 0
  m_Camera: {fileID: 0}
  m_PlaneDistance: 100
  m_PixelPerfect: 0
  m_ReceivesEvents: 1
  m_OverrideSorting: 0
  m_OverridePixelPerfect: 0
  m_SortingBucketNormalizedSize: 0
  m_AdditionalShaderChannelsFlag: 0
  m_SortingLayerID: 0
  m_SortingOrder: 0
  m_TargetDisplay: 0
--- !u!224 &1286145517
RectTransform:
  m_ObjectHideFlags: 0
  m_PrefabParentObject: {fileID: 0}
  m_PrefabInternal: {fileID: 0}
  m_GameObject: {fileID: 1286145513}
  m_LocalRotation: {x: 0, y: 0, z: 0, w: 1}
  m_LocalPosition: {x: 0, y: 0, z: 0}
  m_LocalScale: {x: 0, y: 0, z: 0}
  m_Children:
  - {fileID: 1233617764}
  m_Father: {fileID: 0}
  m_RootOrder: 1
  m_LocalEulerAnglesHint: {x: 0, y: 0, z: 0}
  m_AnchorMin: {x: 0, y: 0}
  m_AnchorMax: {x: 0, y: 0}
  m_AnchoredPosition: {x: 0, y: 0}
  m_SizeDelta: {x: 0, y: 0}
  m_Pivot: {x: 0, y: 0}
--- !u!1 &1306649252
GameObject:
  m_ObjectHideFlags: 0
  m_PrefabParentObject: {fileID: 1760596697264312, guid: 2fd44aca25c1603479e99a1ca9b879d1,
    type: 2}
  m_PrefabInternal: {fileID: 987322392}
  serializedVersion: 5
  m_Component:
  - component: {fileID: 1306649254}
  - component: {fileID: 1306649253}
  m_Layer: 0
  m_Name: BaseDeCriacao1
  m_TagString: Untagged
  m_Icon: {fileID: 0}
  m_NavMeshLayer: 0
  m_StaticEditorFlags: 0
  m_IsActive: 1
--- !u!114 &1306649253
MonoBehaviour:
  m_ObjectHideFlags: 0
  m_PrefabParentObject: {fileID: 114657391467968348, guid: 2fd44aca25c1603479e99a1ca9b879d1,
    type: 2}
  m_PrefabInternal: {fileID: 987322392}
  m_GameObject: {fileID: 1306649252}
  m_Enabled: 1
  m_EditorHideFlags: 0
  m_Script: {fileID: 11500000, guid: 60192b4079107e64dbc1d3990a2a0fd7, type: 3}
  m_Name: 
  m_EditorClassIdentifier: 
  RoboInimigo: {fileID: 0}
  quantidade: 2
  tempoGerarInimigo: 5
--- !u!4 &1306649254
Transform:
  m_ObjectHideFlags: 0
  m_PrefabParentObject: {fileID: 4256414425487756, guid: 2fd44aca25c1603479e99a1ca9b879d1,
    type: 2}
  m_PrefabInternal: {fileID: 987322392}
  m_GameObject: {fileID: 1306649252}
  m_LocalRotation: {x: -0, y: -0, z: -0, w: 1}
  m_LocalPosition: {x: 0.1000061, y: -3.6, z: -9.566376}
  m_LocalScale: {x: 1, y: 1, z: 1}
  m_Children: []
  m_Father: {fileID: 1730460138}
  m_RootOrder: 1
  m_LocalEulerAnglesHint: {x: 0, y: 0, z: 0}
--- !u!4 &1326135348 stripped
Transform:
  m_PrefabParentObject: {fileID: 432416, guid: 638477d8b3e536d4289897f61f931a56, type: 2}
  m_PrefabInternal: {fileID: 175205479}
--- !u!1 &1577660131
GameObject:
  m_ObjectHideFlags: 0
  m_PrefabParentObject: {fileID: 100004, guid: 2c3290785503e9a4c9fcaea48512a16d, type: 3}
  m_PrefabInternal: {fileID: 0}
  serializedVersion: 5
  m_Component:
  - component: {fileID: 1577660132}
  - component: {fileID: 1577660135}
  - component: {fileID: 1577660134}
  - component: {fileID: 1577660133}
  m_Layer: 0
  m_Name: Tenda
  m_TagString: Untagged
  m_Icon: {fileID: 0}
  m_NavMeshLayer: 0
  m_StaticEditorFlags: 0
  m_IsActive: 1
--- !u!4 &1577660132
Transform:
  m_ObjectHideFlags: 0
  m_PrefabParentObject: {fileID: 400004, guid: 2c3290785503e9a4c9fcaea48512a16d, type: 3}
  m_PrefabInternal: {fileID: 0}
  m_GameObject: {fileID: 1577660131}
  m_LocalRotation: {x: 0, y: -0, z: -0, w: 1}
  m_LocalPosition: {x: 3.4360225, y: 3.5973732, z: -5.7}
  m_LocalScale: {x: 2, y: 2, z: 2}
  m_Children: []
  m_Father: {fileID: 1266615699}
  m_RootOrder: 0
  m_LocalEulerAnglesHint: {x: 0, y: 0, z: 0}
--- !u!64 &1577660133
MeshCollider:
  m_ObjectHideFlags: 0
  m_PrefabParentObject: {fileID: 6400004, guid: 2c3290785503e9a4c9fcaea48512a16d,
    type: 3}
  m_PrefabInternal: {fileID: 0}
  m_GameObject: {fileID: 1577660131}
  m_Material: {fileID: 0}
  m_IsTrigger: 0
  m_Enabled: 1
  serializedVersion: 3
  m_Convex: 0
  m_CookingOptions: 14
  m_SkinWidth: 0.01
  m_Mesh: {fileID: 4300006, guid: 2c3290785503e9a4c9fcaea48512a16d, type: 3}
--- !u!23 &1577660134
MeshRenderer:
  m_ObjectHideFlags: 0
  m_PrefabParentObject: {fileID: 2300004, guid: 2c3290785503e9a4c9fcaea48512a16d,
    type: 3}
  m_PrefabInternal: {fileID: 0}
  m_GameObject: {fileID: 1577660131}
  m_Enabled: 1
  m_CastShadows: 1
  m_ReceiveShadows: 1
  m_DynamicOccludee: 1
  m_MotionVectors: 1
  m_LightProbeUsage: 1
  m_ReflectionProbeUsage: 1
  m_RenderingLayerMask: 4294967295
  m_Materials:
  - {fileID: 2100000, guid: 66541d296b23b8047b24f63b249010fa, type: 2}
  m_StaticBatchInfo:
    firstSubMesh: 0
    subMeshCount: 0
  m_StaticBatchRoot: {fileID: 0}
  m_ProbeAnchor: {fileID: 0}
  m_LightProbeVolumeOverride: {fileID: 0}
  m_ScaleInLightmap: 1
  m_PreserveUVs: 0
  m_IgnoreNormalsForChartDetection: 0
  m_ImportantGI: 0
  m_StitchLightmapSeams: 0
  m_SelectedEditorRenderState: 3
  m_MinimumChartSize: 4
  m_AutoUVMaxDistance: 0.5
  m_AutoUVMaxAngle: 89
  m_LightmapParameters: {fileID: 0}
  m_SortingLayerID: 0
  m_SortingLayer: 0
  m_SortingOrder: 0
--- !u!33 &1577660135
MeshFilter:
  m_ObjectHideFlags: 0
  m_PrefabParentObject: {fileID: 3300004, guid: 2c3290785503e9a4c9fcaea48512a16d,
    type: 3}
  m_PrefabInternal: {fileID: 0}
  m_GameObject: {fileID: 1577660131}
  m_Mesh: {fileID: 4300006, guid: 2c3290785503e9a4c9fcaea48512a16d, type: 3}
--- !u!1 &1585414621
GameObject:
  m_ObjectHideFlags: 0
  m_PrefabParentObject: {fileID: 0}
  m_PrefabInternal: {fileID: 0}
  serializedVersion: 5
  m_Component:
  - component: {fileID: 1585414623}
  - component: {fileID: 1585414622}
  m_Layer: 0
  m_Name: BaseDeCriacao3
  m_TagString: Untagged
  m_Icon: {fileID: 0}
  m_NavMeshLayer: 0
  m_StaticEditorFlags: 0
  m_IsActive: 1
--- !u!114 &1585414622
MonoBehaviour:
  m_ObjectHideFlags: 0
  m_PrefabParentObject: {fileID: 0}
  m_PrefabInternal: {fileID: 0}
  m_GameObject: {fileID: 1585414621}
  m_Enabled: 1
  m_EditorHideFlags: 0
  m_Script: {fileID: 11500000, guid: 60192b4079107e64dbc1d3990a2a0fd7, type: 3}
  m_Name: 
  m_EditorClassIdentifier: 
  RoboInimigo: {fileID: 0}
  quantidade: 5
  tempoGerarInimigo: 5
--- !u!4 &1585414623
Transform:
  m_ObjectHideFlags: 0
  m_PrefabParentObject: {fileID: 0}
  m_PrefabInternal: {fileID: 0}
  m_GameObject: {fileID: 1585414621}
  m_LocalRotation: {x: -0, y: -0, z: -0, w: 1}
  m_LocalPosition: {x: -19, y: -3.4459999, z: -82.000015}
  m_LocalScale: {x: 1, y: 1, z: 1}
  m_Children: []
  m_Father: {fileID: 1110770108}
  m_RootOrder: 0
  m_LocalEulerAnglesHint: {x: 0, y: 0, z: 0}
--- !u!4 &1645030767 stripped
Transform:
  m_PrefabParentObject: {fileID: 432416, guid: 638477d8b3e536d4289897f61f931a56, type: 2}
  m_PrefabInternal: {fileID: 749011312}
--- !u!1 &1730460137
GameObject:
  m_ObjectHideFlags: 0
  m_PrefabParentObject: {fileID: 100016, guid: 2c3290785503e9a4c9fcaea48512a16d, type: 3}
  m_PrefabInternal: {fileID: 0}
  serializedVersion: 5
  m_Component:
  - component: {fileID: 1730460138}
  m_Layer: 0
  m_Name: Base1
  m_TagString: Untagged
  m_Icon: {fileID: 0}
  m_NavMeshLayer: 0
  m_StaticEditorFlags: 0
  m_IsActive: 1
--- !u!4 &1730460138
Transform:
  m_ObjectHideFlags: 0
  m_PrefabParentObject: {fileID: 400016, guid: 2c3290785503e9a4c9fcaea48512a16d, type: 3}
  m_PrefabInternal: {fileID: 0}
  m_GameObject: {fileID: 1730460137}
  m_LocalRotation: {x: -0, y: -0, z: -0, w: 1}
  m_LocalPosition: {x: 209.38629, y: -9.652365, z: 68.89676}
  m_LocalScale: {x: 1, y: 1, z: 1}
  m_Children:
  - {fileID: 916051401}
  - {fileID: 1306649254}
  m_Father: {fileID: 1930939619}
  m_RootOrder: 1
  m_LocalEulerAnglesHint: {x: 0, y: 0, z: 0}
--- !u!1 &1791998078
GameObject:
  m_ObjectHideFlags: 0
  m_PrefabParentObject: {fileID: 0}
  m_PrefabInternal: {fileID: 0}
  serializedVersion: 5
  m_Component:
  - component: {fileID: 1791998080}
  - component: {fileID: 1791998079}
  m_Layer: 0
  m_Name: BaseDeCriacao2
  m_TagString: Untagged
  m_Icon: {fileID: 0}
  m_NavMeshLayer: 0
  m_StaticEditorFlags: 0
  m_IsActive: 1
--- !u!114 &1791998079
MonoBehaviour:
  m_ObjectHideFlags: 0
  m_PrefabParentObject: {fileID: 0}
  m_PrefabInternal: {fileID: 0}
  m_GameObject: {fileID: 1791998078}
  m_Enabled: 1
  m_EditorHideFlags: 0
  m_Script: {fileID: 11500000, guid: 60192b4079107e64dbc1d3990a2a0fd7, type: 3}
  m_Name: 
  m_EditorClassIdentifier: 
  RoboInimigo: {fileID: 0}
  quantidade: 3
  tempoGerarInimigo: 5
--- !u!4 &1791998080
Transform:
  m_ObjectHideFlags: 0
  m_PrefabParentObject: {fileID: 0}
  m_PrefabInternal: {fileID: 0}
  m_GameObject: {fileID: 1791998078}
  m_LocalRotation: {x: -0, y: -0, z: -0, w: 1}
  m_LocalPosition: {x: 19.199997, y: -3.4459999, z: 28.899994}
  m_LocalScale: {x: 1, y: 1, z: 1}
  m_Children: []
  m_Father: {fileID: 1266615699}
  m_RootOrder: 1
  m_LocalEulerAnglesHint: {x: 0, y: 0, z: 0}
--- !u!1001 &1819780265
Prefab:
  m_ObjectHideFlags: 0
  serializedVersion: 2
  m_Modification:
    m_TransformParent: {fileID: 1235247604}
    m_Modifications:
    - target: {fileID: 4036918057924114, guid: 59ed486073c93c74a92add3f30837810, type: 2}
      propertyPath: m_LocalPosition.x
      value: 283.58627
      objectReference: {fileID: 0}
    - target: {fileID: 4036918057924114, guid: 59ed486073c93c74a92add3f30837810, type: 2}
      propertyPath: m_LocalPosition.y
      value: -12.252364
      objectReference: {fileID: 0}
    - target: {fileID: 4036918057924114, guid: 59ed486073c93c74a92add3f30837810, type: 2}
      propertyPath: m_LocalPosition.z
      value: 3.6304016
      objectReference: {fileID: 0}
    - target: {fileID: 4036918057924114, guid: 59ed486073c93c74a92add3f30837810, type: 2}
      propertyPath: m_LocalRotation.x
      value: 0
      objectReference: {fileID: 0}
    - target: {fileID: 4036918057924114, guid: 59ed486073c93c74a92add3f30837810, type: 2}
      propertyPath: m_LocalRotation.y
      value: 0.7071068
      objectReference: {fileID: 0}
    - target: {fileID: 4036918057924114, guid: 59ed486073c93c74a92add3f30837810, type: 2}
      propertyPath: m_LocalRotation.z
      value: -0
      objectReference: {fileID: 0}
    - target: {fileID: 4036918057924114, guid: 59ed486073c93c74a92add3f30837810, type: 2}
      propertyPath: m_LocalRotation.w
      value: -0.7071068
      objectReference: {fileID: 0}
    - target: {fileID: 4036918057924114, guid: 59ed486073c93c74a92add3f30837810, type: 2}
      propertyPath: m_RootOrder
      value: 0
      objectReference: {fileID: 0}
    - target: {fileID: 4036918057924114, guid: 59ed486073c93c74a92add3f30837810, type: 2}
      propertyPath: m_LocalScale.x
      value: 1
      objectReference: {fileID: 0}
    - target: {fileID: 4036918057924114, guid: 59ed486073c93c74a92add3f30837810, type: 2}
      propertyPath: m_LocalScale.z
      value: 1
      objectReference: {fileID: 0}
    - target: {fileID: 4523526382708028, guid: 59ed486073c93c74a92add3f30837810, type: 2}
      propertyPath: m_LocalRotation.x
      value: 0
      objectReference: {fileID: 0}
    - target: {fileID: 4523526382708028, guid: 59ed486073c93c74a92add3f30837810, type: 2}
      propertyPath: m_LocalRotation.w
      value: 1
      objectReference: {fileID: 0}
    - target: {fileID: 4523526382708028, guid: 59ed486073c93c74a92add3f30837810, type: 2}
      propertyPath: m_LocalEulerAnglesHint.x
      value: 0
      objectReference: {fileID: 0}
    m_RemovedComponents: []
  m_ParentPrefab: {fileID: 100100000, guid: 59ed486073c93c74a92add3f30837810, type: 2}
  m_IsPrefabParent: 0
--- !u!1001 &1923759740
Prefab:
  m_ObjectHideFlags: 0
  serializedVersion: 2
  m_Modification:
    m_TransformParent: {fileID: 1930939619}
    m_Modifications:
    - target: {fileID: 441680, guid: 90c00c2fbd373da42b6592a75d5bdb42, type: 2}
      propertyPath: m_LocalPosition.x
      value: 204.33328
      objectReference: {fileID: 0}
    - target: {fileID: 441680, guid: 90c00c2fbd373da42b6592a75d5bdb42, type: 2}
      propertyPath: m_LocalPosition.y
      value: -13.252364
      objectReference: {fileID: 0}
    - target: {fileID: 441680, guid: 90c00c2fbd373da42b6592a75d5bdb42, type: 2}
      propertyPath: m_LocalPosition.z
      value: -38.11548
      objectReference: {fileID: 0}
    - target: {fileID: 441680, guid: 90c00c2fbd373da42b6592a75d5bdb42, type: 2}
      propertyPath: m_LocalRotation.x
      value: -0.7071068
      objectReference: {fileID: 0}
    - target: {fileID: 441680, guid: 90c00c2fbd373da42b6592a75d5bdb42, type: 2}
      propertyPath: m_LocalRotation.y
      value: -0
      objectReference: {fileID: 0}
    - target: {fileID: 441680, guid: 90c00c2fbd373da42b6592a75d5bdb42, type: 2}
      propertyPath: m_LocalRotation.z
      value: -0
      objectReference: {fileID: 0}
    - target: {fileID: 441680, guid: 90c00c2fbd373da42b6592a75d5bdb42, type: 2}
      propertyPath: m_LocalRotation.w
      value: 0.7071068
      objectReference: {fileID: 0}
    - target: {fileID: 441680, guid: 90c00c2fbd373da42b6592a75d5bdb42, type: 2}
      propertyPath: m_RootOrder
      value: 7
      objectReference: {fileID: 0}
    - target: {fileID: 441680, guid: 90c00c2fbd373da42b6592a75d5bdb42, type: 2}
      propertyPath: m_LocalScale.x
      value: 10
      objectReference: {fileID: 0}
    - target: {fileID: 441680, guid: 90c00c2fbd373da42b6592a75d5bdb42, type: 2}
      propertyPath: m_LocalScale.y
      value: 10
      objectReference: {fileID: 0}
    - target: {fileID: 441680, guid: 90c00c2fbd373da42b6592a75d5bdb42, type: 2}
      propertyPath: m_LocalScale.z
      value: 10
      objectReference: {fileID: 0}
    - target: {fileID: 195164, guid: 90c00c2fbd373da42b6592a75d5bdb42, type: 2}
      propertyPath: m_Name
      value: CaixaDAgua
      objectReference: {fileID: 0}
    m_RemovedComponents: []
  m_ParentPrefab: {fileID: 100100000, guid: 90c00c2fbd373da42b6592a75d5bdb42, type: 2}
  m_IsPrefabParent: 0
--- !u!1 &1930939618
GameObject:
  m_ObjectHideFlags: 0
  m_PrefabParentObject: {fileID: 0}
  m_PrefabInternal: {fileID: 0}
  serializedVersion: 5
  m_Component:
  - component: {fileID: 1930939619}
  m_Layer: 0
  m_Name: Cenario
  m_TagString: Untagged
  m_Icon: {fileID: 0}
  m_NavMeshLayer: 0
  m_StaticEditorFlags: 0
  m_IsActive: 1
--- !u!4 &1930939619
Transform:
  m_ObjectHideFlags: 0
  m_PrefabParentObject: {fileID: 0}
  m_PrefabInternal: {fileID: 0}
  m_GameObject: {fileID: 1930939618}
  m_LocalRotation: {x: 0, y: 0, z: 0, w: 1}
  m_LocalPosition: {x: 18.813713, y: 13.252364, z: 286.0696}
  m_LocalScale: {x: 1, y: 1, z: 1}
  m_Children:
  - {fileID: 801888873}
  - {fileID: 1730460138}
  - {fileID: 1266615699}
  - {fileID: 1110770108}
  - {fileID: 1995597595}
  - {fileID: 1645030767}
  - {fileID: 1326135348}
  - {fileID: 1227506042}
  m_Father: {fileID: 0}
  m_RootOrder: 2
  m_LocalEulerAnglesHint: {x: 0, y: 0, z: 0}
--- !u!4 &1995597595 stripped
Transform:
  m_PrefabParentObject: {fileID: 4711844438124698, guid: a0c1b30ca7941704b9fc400c3b4c64c6,
    type: 2}
  m_PrefabInternal: {fileID: 723901551}
